<collection xmlns="http://www.loc.gov/MARC21/slim"><record><leader>00877nam  2200253   450</leader><controlfield tag="001">118</controlfield><controlfield tag="003">http://montalegre.opacnet.com/OPAC/default.aspx?ContentAreaControl=ShowRegHoldings.ascx&amp;RegNo=16662</controlfield><controlfield tag="005">20</controlfield><datafield tag="021" ind1=" " ind2=" "><subfield code="a">PT</subfield><subfield code="b">19693</subfield></datafield><datafield tag="095" ind1=" " ind2=" "><subfield code="a">PTBN00112279</subfield></datafield><datafield tag="100" ind1=" " ind2=" "><subfield code="a">20061013d1988    em y0pora010305  ba</subfield></datafield><datafield tag="101" ind1="1" ind2=" "><subfield code="a">por</subfield><subfield code="c">ita</subfield></datafield><datafield tag="102" ind1=" " ind2=" "><subfield code="a">PT</subfield></datafield><datafield tag="200" ind1="1" ind2=" "><subfield code="a">Senso</subfield><subfield code="e">&lt;o &gt;caderno secreto da Condessa Lívia</subfield><subfield code="f">Camillo Boito</subfield><subfield code="g">trad. José Colaço Barreiros</subfield></datafield><datafield tag="210" ind1=" " ind2=" "><subfield code="a">Lisboa</subfield><subfield code="c">Quetzal</subfield><subfield code="d">1988</subfield></datafield><datafield tag="215" ind1=" " ind2=" "><subfield code="a">69 p.</subfield><subfield code="d">20 cm</subfield></datafield><datafield tag="225" ind1="2" ind2=" "><subfield code="a">Graffiti</subfield></datafield><datafield tag="300" ind1=" " ind2=" "><subfield code="a">com o apoio do Instituto Italiano di Cultura</subfield></datafield><datafield tag="304" ind1=" " ind2=" "><subfield code="a">Tít. orig. : Senso-dallo scartafaccio segreto della Contessa Lívia</subfield></datafield><datafield tag="675" ind1=" " ind2=" "><subfield code="a">821</subfield></datafield><datafield tag="700" ind1=" " ind2="1"><subfield code="a">Boito</subfield><subfield code="b">Camillo</subfield><subfield code="f">1836-1914</subfield></datafield><datafield tag="702" ind1=" " ind2="1"><subfield code="a">Barreiros</subfield><subfield code="b">José Colaço</subfield><subfield code="f">1949-</subfield><subfield code="4">730</subfield></datafield><datafield tag="801" ind1=" " ind2="0"><subfield code="a">PT</subfield><subfield code="b">Biblioteca Municipal de Montalegre</subfield><subfield code="g">RPC</subfield></datafield><datafield tag="856" ind1=" " ind2=" "><subfield code="u">locateMedia.asp?cod=20060509103000&amp;ext=jpg</subfield><subfield code="z">CAPA</subfield></datafield><datafield tag="909" ind1="&#9;" ind2=" "><subfield code="a">1</subfield></datafield><datafield tag="966" ind1=" " ind2=" "><subfield code="a">0008272</subfield><subfield code="l">BMM</subfield><subfield code="s">SCG 821 BOI sen</subfield></datafield></record></collection>